

@book{contextofusecasekamthan,
    author    = "Pankaj Kamthan",
    title     = "Understanding Context",
    year      = "2019",
}

@book{domainkamthan,
    author    = "Pankaj Kamthan",
    title     = "Introduction to Domain Modeling",
    year      = "2019",
}

@online{carte_opus,
  author = {Carte OPUS},
  title = {To obtain your photo OPUS card},
  year = 2019,
  url = {http://www.carteopus.info/student?language=en},
  urldate = {2019-02-23}
}



@online{tech_city,
  author = {Planetweb Contributor},
  title = {3 Canadian Cities among 25 most high-tech cities in the world},
  year = 2017,
  url = {http://www.planetweb.ca/news/3-canadian-cities-among-25-high-tech-cities-world/},
  urldate = {2019-02-23}
}

@online{opus_card_at_home,
  author = {CBC News},
  title = {Opus card at-home reloading needs \$16 card reader},
  year = 2017,
  url = {https://www.cbc.ca/news/canada/montreal/opus-card-at-home-reloading-needs-16-card-reader-1.3144659},
  urldate = {2019-02-23}
}

